<record xmlns="http://www.loc.gov/MARC21/slim" xmlns:xsi="http://www.w3.org/2001/XMLSchema-instance" xsi:schemaLocation="http://www.loc.gov/MARC21/slim http://www.loc.gov/standards/marcxml/schema/MARC21slim.xsd"><leader>00720cz   2200181n  4500</leader><controlfield tag="001">oca00239861 </controlfield><controlfield tag="005">19861216102243.2</controlfield><controlfield tag="008">790122n| acannaab|          |a aaa |||  </controlfield><datafield ind1=" " ind2=" " tag="010"><subfield code="a">n  79005706 </subfield></datafield><datafield ind1=" " ind2=" " tag="040"><subfield code="a">DLC</subfield><subfield code="c">DLC</subfield><subfield code="d">DLC</subfield></datafield><datafield ind1="0" ind2=" " tag="100"><subfield code="a">Herodicus,</subfield><subfield code="c">of Babylon.</subfield></datafield><datafield ind1="0" ind2=" " tag="400"><subfield code="a">Herodicus,</subfield><subfield code="c">the Cratetean</subfield></datafield><datafield ind1="0" ind2=" " tag="400"><subfield code="a">Hērodikos,</subfield><subfield code="c">ho Vavylōnios</subfield></datafield><datafield ind1="0" ind2=" " tag="400"><subfield code="a">Hērodikos,</subfield><subfield code="c">ho Kratēteios</subfield></datafield><datafield ind1="0" ind2=" " tag="400"><subfield code="a">Herodicus of Babylon</subfield><subfield code="w">nnaa</subfield></datafield><datafield ind1=" " ind2=" " tag="670"><subfield code="a">Düring, I. Herodicus the Cratetean, 1941 (subj.)</subfield><subfield code="b">t.p. (Herodicus the Cratetean)</subfield></datafield><datafield ind1=" " ind2=" " tag="670"><subfield code="a">Oxford classical dict.</subfield><subfield code="b">(Herodicus of Babylon, author of Kōmōdoumenoi)</subfield></datafield><datafield ind1=" " ind2=" " tag="670"><subfield code="a">Megalē hellēnikē enkykl.</subfield><subfield code="b">(Hērodikos ho Vavylōnios, known also as Hērodikos ho Kratēteios)</subfield></datafield></record>